<?xml version="1.0" encoding="UTF-8"?><record xmlns="http://www.loc.gov/MARC21/slim" xmlns:cinclude="http://apache.org/cocoon/include/1.0" xmlns:zs="http://www.loc.gov/zing/srw/">
  <leader>00424cz  a2200133n  4500</leader>
  <controlfield tag="001">n  88673193 </controlfield>
  <controlfield tag="003">DLC</controlfield>
  <controlfield tag="005">19920424144015.4</controlfield>
  <controlfield tag="008">881107n| acannaab|          |n aaa |||  </controlfield>
  <datafield tag="010" ind1=" " ind2=" ">
    <subfield code="a">n  88673193 </subfield>
  </datafield>
  <datafield tag="040" ind1=" " ind2=" ">
    <subfield code="a">DLC</subfield>
    <subfield code="c">DLC</subfield>
    <subfield code="d">DLC</subfield>
  </datafield>
  <datafield tag="100" ind1="1" ind2="0">
    <subfield code="a">Black, Carla</subfield>
  </datafield>
  <datafield tag="670" ind1=" " ind2=" ">
    <subfield code="a">nuc88-125915: Her Seattle bicycle atlas, 1985</subfield>
    <subfield code="b">(hdg. on WaU rept.: Black, Carla; usage: Carla Black)</subfield>
  </datafield>
  <datafield tag="670" ind1=" " ind2=" ">
    <subfield code="a">Her Go do around Cle Elum, c1991:</subfield>
    <subfield code="b">t.p. (Carla Black)</subfield>
  </datafield>
</record>